\begin{thebibliography}{9}

\bibitem{menger}
K. Menger, 
\textit{Zur allgemeinen Kurventheorie},
Fund. Math. \textbf{10} (1927), 96--115.

\bibitem{graphtheory}
R. Diestel, 
\textit{Graph Theory},
Graduate Texts in Mathematics, Volume 173, Springer-Verlag, Heidelberg, 5th edition, 2017.

\bibitem{networks}
M.E.J. Newman, 
\textit{Networks: An Introduction},
Oxford University Press, Oxford, 2010.

\bibitem{connectivity}
S. Even, 
\textit{Graph Algorithms},
Computer Science Press, 1979.

\end{thebibliography}
